@article{cloudsim,
	author = {Sonmez, Cagatay and Ozgovde, Atay and Ersoy, Cem},
	title = {{E}dge{C}loudSim: {A}n environment for performance evaluation of {E}dge {C}omputing systems},
	journal = {2017 Second International Conference on Fog and Mobile Edge Computing (FMEC)},
	month = {May},
	year = {2017},
	pages = {39--44}	
}

%!
@article{canon2010evaluation,
	author={Canon, Louis-Claude and Jeannot, Emmanuel},
	title={Evaluation and {O}ptimization of the {R}obustness of {DAG} {S}chedules in {H}eterogeneous {E}nvironments},
	journal={IEEE Transactions on Parallel and Distributed Systems},
	volume={21},
	number={4},
	pages={532--546},
	month = {Apr},
	year={2010}
}
%!
@article{ali2004measuring,
	author={Ali, Shoukat and Maciejewski, Anthony A. and Siegel, Howard Jay and Kim, Jong-Kook},
	title={Measuring the {R}obustness of a {R}esource {A}llocation},
	journal={IEEE Transactions on Parallel and Distributed Systems},
	volume={15},
	number={7},
	pages={630--641},
	month = {Jul},
	year={2004},
}
%!
@article{smith2009robust,
	author={Smith, Jay and Shestak, Vladimir and Siegel, Howard Jay and Price, Suzy and Teklits, Larry and Sugavanam, Prasanna},
	title={Robust resource allocation in a cluster based imaging system},
	journal={Parallel Computing},
	volume={35},
	number={7},
	pages={389--400},
	month = {Jul},
	year={2009},
}
%!
@INPROCEEDINGS{gerla2012,
	author={Gerla, Mario},
	title={Vehicular {C}loud {C}omputing},
	booktitle={Ad Hoc Networking Workshop (Med-Hoc-Net), 2012 The 11th Annual Mediterranean},
	pages={152--155},
	year={2012},
	organization={IEEE}
}
%!
@article{yu2016optimal,
	title={Optimal {R}esource {S}haring in 5{G}-enabled {V}ehicular {N}etworks: {A} {M}atrix {G}ame},
	author={Yu, Rong and Ding, Jiefei and Huang, Xumin and Zhou, Ming-Tuo and Gjessing, Stein and Zhang, Yan},
	journal={IEEE Transactions on Vehicular Technology},
	volume={65},
	number={10},
	pages={7844--7856},
	year={2016},
	publisher={IEEE}
}

%!
@inproceedings{ElBatt,
	author = {ElBatt, Tamer and Goel, Siddhartha K. and Holland, Gavin and Krishnan, Hariharan and Parikh, Jayendra},
	title = {Cooperative {C}ollision {W}arning {U}sing {D}edicated {S}hort {R}ange {W}ireless {C}ommunications},
	booktitle = {Proceedings of the 3rd International Workshop on Vehicular Ad Hoc Networks},
	series = {VANET '06},
	year = {2006},
	isbn = {1-59593-540-1},
	location = {Los Angeles, CA, USA},
	pages = {1--9},
	numpages = {9},
	url = {http://doi.acm.org/10.1145/1161064.1161066},
	doi = {10.1145/1161064.1161066},
	acmid = {1161066},
	publisher = {ACM},
	address = {New York, NY, USA},
	keywords = {DSRC, IEEE 802.11p, broadcast rate, metrics, safety, simulation, transmission range, vehicular communications},
}
%!
@MISC{ABIresearch,
	author = {Bonte, Dominique and Owen, Gareth},
	title = {Allied {B}usiness {I}ntelligenc {I}nc.},
	year = {2013},
	howpublished = {\url{https://www.abiresearch.com/market-research/product/1016485-v2v-and-v2i-applications-and-use-cases/}},
}

!%
@article{ali2000representing,
	title={Representing {T}ask and {M}achine {H}eterogeneities for {H}eterogeneous {C}omputing {S}ystems},
	author={Ali, Shoukat and Siegel, Howard Jay and Maheswaran, Muthucumaru and Hensgen, Debra and Ali, Sahra},
	journal={Tamkang Journal of Science and Engineering},
	volume={3},
	number={3},
	pages={195--207},
	year={2000},
	publisher={Citeseer}
}

!%
@inproceedings{ali2011co,
	title={Co-operative data access in multiple {R}oad {S}ide {U}nits ({RSU}s)-based {V}ehicular {A}d {H}oc {N}etworks ({VANET}s)},
	author={Ali, GG Md Nawaz and Chan, Edward},
	booktitle={Telecommunication Networks and Applications Conference (ATNAC), 2011 Australasian},
	pages={1-6},
	year={2011},
	organization={IEEE}
}

%!
@inproceedings{li2017resource,
	title={Resource {M}anagement in {F}og-{E}nhanced {R}adio {A}ccess {N}etwork to {S}upport {R}eal-{T}ime {V}ehicular {S}ervices},
	author={Li, Jun and Natalino, Carlos and Van, Dung Pham and Wosinska, Lena and Chen, Jiajia},
	booktitle={Fog and Edge Computing (ICFEC), IEEE 1st International Conference on},
	pages={68--74},
	year={2017},
	organization={IEEE}
}

%!
@inproceedings{bok2016multiple,
	title={A multiple {RSU} scheduling for {V2I}-based data services},
	author={Bok, Kyoungsoo and Hong, Seungwan and Lim, Jongtae and Yoo, Jaesoo},
	booktitle={Big Data and Smart Computing (BigComp), 2016 International Conference on},
	pages={163--168},
	year={2016},
	organization={IEEE}
}
